@InProceedings{Amnell_2001,
  author    = "Tobias Amnell and Gerd Behrmann and Johan Bengtsson and Pedro R. D'Argenio and Alexandre David and Ansgar Fehnker and Thomas Hune and Bertrand Jeannet and Kim G. Larsen and M. Oliver M{\"o}ller and Paul Pettersson and Carsten Weise and Wang Yi",
  title     = {{UPPAAL} - Now, Next, and Future},
  booktitle = {Proceedings of MOVEP 2000},
  year      = {2001},
  volume    = {2067},
  series    = {LNCS},
  pages     = {99-124},
  publisher = {Springer}
}

@Article{ARBAB2004,
  author    = {Farhad Arbab},
  title     = {Reo: a channel-based coordination model for component composition},
  journal   = {Mathematical Structures in Computer Science},
  year      = {2004},
  volume    = {14},
  number    = {3},
  pages     = {329-366}
}

@Article{Arbab2006,
  author    = {Farhad Arbab and Christel Baier and Frank S.~de Boer and Jan J.~M.~M.~Rutten},
  title     = {Models and temporal logical specifications for timed component connectors},
  journal   = {Software and System Modeling},
  year      = {2007},
  volume    = {6},
  number    = {1},
  pages     = {59-82}
}

@InProceedings{Arbab2009,
  author    = {Farhad Arbab and Tom Chothia and Rob van der Mei and Sun Meng and Young{-}Joo Moon and Chr{\'{e}}tien Verhoef},
  title     = {From Coordination to Stochastic Models of {QoS}},
  booktitle = {{COORDINATION} 2009},
  year      = {2009},
  volume    = {5521},
  series    = {LNCS},
  pages     = {268-287},
  publisher = {Springer}
}

@InCollection{Baier2006,
  author    = {Christel Baier and Verena Wolf},
  title     = {Stochastic Reasoning About Channel-Based Component Connectors},
  booktitle = {Proceedings of {COORDINATION} 2006},
  publisher = {Springer},
  year      = {2006},
  volume    = {4038},
  series    = {LNCS},
  pages     = {1-15}
}

@Article{HahnHH14,
  author    = {Ernst Moritz Hahn and Arnd Hartmanns and Holger Hermanns},
  title     = {Reachability and Reward Checking for Stochastic Timed Automata},
  journal   = {Electronic Communication of the European Association of Software Science and Technology},
  year      = {2014},
  volume    = {70}
}

@InProceedings{HahnYiFM14,
  author    = "Ernst Moritz Hahn and Yi Li and Sven Schewe and Andrea Turrini and Lijun Zhang",
  title     = {{IscasMC}: A Web-Based Probabilistic Model Checker},
  booktitle = {Proceedings of {FM} 2014},
  year      = {2014},
  volume    = {8442},
  series    = {LNCS},
  pages     = {312-317},
  publisher = {Springer}
}

@Misc{JaniSpec,
  title = {The {JANI} Specification of the jani-model format and the jani-interaction protocol},
  url   = {http://www.jani-spec.org/},
}

@Article{Jongmans2012,
  author    = {Sung-Shik T.~Q.~Jongmans and Farhad Arbab},
  title     = {Overview of Thirty Semantic Formalisms for {Reo}},
  journal   = {Scientific Annals of Computer Science},
  year      = {2012},
  volume    = {22},
  number    = {1},
  pages     = {201--251},
  publisher = {Scientific Annals of Computer Science}
}

@InProceedings{Kwiatkowska2011,
  author    = "Marta Kwiatkowska and Gethin Norman and David Parker",
  title     = {PRISM 4.0: Verification of Probabilistic Real-time Systems},
  booktitle = {Proceedings of {CAV}'11},
  year      = {2011},
  volume    = {6806},
  series    = {LNCS},
  pages     = {585-591},
  publisher = {Springer}
}

@Article{Li2015,
  author    = {Yi Li and Meng Sun},
  title     = {Modeling and verification of component connectors in {Coq}},
  journal   = {Science of Computer Programming},
  year      = {2015},
  volume    = {113},
  pages     = {285-301}
}

@InProceedings{Meng2007,
  author    = {Sun Meng and Farhad Arbab},
  title     = {On Resource-Sensitive Timed Component Connectors},
  booktitle = {Proceedings of {FMOODS} 2007},
  year      = {2007},
  volume    = {4468},
  series    = {LNCS},
  pages     = {301--316},
  publisher = {Springer}
}

@InProceedings{Meng2012,
  author    = {Sun Meng},
  title     = {Connectors as Designs: The Time Dimension},
  booktitle = {Proceedings of {TASE} 2012},
  year      = {2012},
  pages     = {201--208},
  publisher = {{IEEE} Computer Society}
}

@Article{Models2005,
  author  = {Christel Baier},
  title   = {Probabilistic Models for {Reo} Connector Circuits},
  year    = {2005},
  volume  = {11},
  number  = {10},
  pages   = {1718--1748},
  journal = {Journal of Universal Computer Science}
}

@Article{Newcombe2015,
  author    = "Chris Newcombe and Tim Rath and Fan Zhang and Bogdan Munteanu and Marc Brooker and Michael Deardeuff",
  title     = {How Amazon web services uses formal methods},
  journal   = {Communications of the {ACM}},
  year      = {2015},
  volume    = {58},
  number    = {4},
  pages     = {66-73}
}

@Article{Oliveira2016,
  author    = {Nuno Oliveira and Luis Soares Barbosa},
  title     = {An Enhanced Model for Stochastic Coordination},
  journal   = {Electronic Proceedings in Theoretical Computer Science},
  year      = {2016},
  volume    = {228},
  pages     = {35-45}
}

@inproceedings{Hartmanns12,
	author = {Arnd Hartmanns},
	year = {2012},
	title = {Modest – A Unified Language for Quantitative Models},
	booktitle = {Proceedings of {FDL}`12},
	eprint = {http://www.modestchecker.net/Link.aspx?id=pub:H12},
	pages = {44-51},
  publisher = {IEEE}
}

@article{Kwia2007,
  title={Controller dependability analysis by probabilistic model checking},
  author={Kwiatkowska, Marta and Norman, Gethin and Parker, David},
  journal={Control Engineering Practice},
  volume={15},
  number={11},
  pages={1427--1434},
  year={2007},
  publisher={Elsevier}
}

@Article{Baier2006a,
  author    = {Christel Baier and Marjan Sirjani and Farhad Arbab and Jan Rutten},
  title     = {Modeling component connectors in {Reo} by constraint automata},
  journal   = {Science of Computer Programming},
  year      = {2006},
  volume    = {61},
  number    = {2},
  pages     = {75--113},
  file      = {:Baier2006a - Modeling component connectors in Reo by constraint automata.pdf:PDF},
  publisher = {Elsevier},
}

@InProceedings{Pierro2004,
  author    = {Alessandra Di Pierro and Chris Hankin and Herbert Wiklicky},
  title     = {Probabilistic {KLAIM}},
  booktitle = {{COORDINATION} 2004},
  year      = {2004},
  editor    = {R. de Nicola and others},
  volume    = {2949},
  series    = {LNCS},
  pages     = {119–134},
  publisher = {Springer},
}

@article{Priami95,
  author    = {Corrado Priami},
  title     = {Stochastic pi-Calculus},
  journal   = {The Computer Journal},
  volume    = {38},
  number    = {7},
  pages     = {578--589},
  year      = {1995},
}

@book{Li2009,
 author = {Li, Henry},
 title = {Introducing Windows Azure},
 year = {2009},
 publisher = {Apress},
 address = {Berkely, CA, USA},
} 
